
@misc{scalaPotentialUk,
 author    = {Cititec},
 title     = "{Scala's potential in the United Kingdom'S financial sector}",
 publisher = {Cititec, technology and finance recruitment},
 year      =  {2012},
 url       = {http://www.cititec.com/wp-content/uploads/2012/04/Scalas-potential-Final.pdf}
}


@misc{twitterScala,
 author    = {Bill Venners},
 title     = "{Twitter on Scala}",
 publisher = {Artima Developer},
 year      =  {2009},
 url       = {http://www.artima.com/scalazine/articles/twitter_on_scala.html}
}

@TechReport{scalaIntro,
  author =       {Martin Odersky and al.},
  title =        "{An Overview of the Scala Programming Language}",
  institution =  {EPFL Lausanne, Switzerland},
  year =         2004,
  number =       {IC/2004/64}
}

@TechReport{roadStructuredToOO,
  author =       {Dr. J\'ozsef Tick},
  title =        "{The Road in Software Engineering Education from Structured Programming to Object-Oriented Modelling}",
  institution =  {Budapest Polytechnic, Hungary},
  year =         2004
}  
  

@TechReport{dciIntro,
  author =       {Trygve Reenskaug},
  title =        "{DCI from a programmer's point of view: 'The Common Sense of Object Oriented Programming'}",
  institution =  {Dept. of Informatics, University of Oslo},
  year =         2009
}  

@TechReport{codeReadability,
  author =       {Trygve Reenskaug},
  title =        "{The Case for Readable Code}",
  institution =  {Dept. of Informatics, University of Oslo},
  year =         2007
}  

@BOOK{leanArchitecture,
 author    = {James Coplien and Gertrud Bjornvig},
 title     = {Lean Architecture},
 publisher = {Wiley},
 year      =  {2010}
}

@BOOK{programmingScala,
 author    = {Martin Odersky and Lex Spoon and Bill Venners},
 title     = {Programming Scala},
 publisher = {Artima},
 year      =  {2010},
 edition = {2nd}
}

@BOOK{kanbanScrum,
 author    = {Henrik Kniberg AND Mattias Skarin},
 title     = "{Kanban and Scrum, making the most of both}",
 publisher = {InfoQ},
 year      =  {2010},
 edition = {2nd}
}
